@book{shen_book,
  title={Spectral Methods: Algorithms, Analysis and Applications},
  author={Shen, J. and Tang, T. and Wang, L.L.},
  isbn={9783540710417},
  lccn={2011934044},
  series={Springer Series in Computational Mathematics},
  url={http://books.google.no/books?id=QmEBMK3tqkYC},
  year={2011},
  publisher={Springer},
}

@article{shen_leg,
 author = {Shen, Jie},
 title = {Efficient spectral-Galerkin Method I: Direct Solvers of Second-and Fourth-order Equations Using Legendre Polynomials},
 journal = {SIAM J. Sci. Comput.},
 issue_date = {Nov. 1994},
 volume = {15},
 number = {6},
 month = nov,
 year = {1994},
 issn = {1064-8275},
 pages = {1489--1505},
 numpages = {17},
 url = {http://dx.doi.org/10.1137/0915089},
 doi = {10.1137/0915089},
 acmid = {195935},
 publisher = {Society for Industrial and Applied Mathematics},
 address = {Philadelphia, PA, USA},
 keywords = {Helmholtz equation, biharmonic equation, direct solver, legendre polynomial, spectral-Galerkin method},
} 

@article{tricomi,
author = "Tricomi, F. G. and Erd√©lyi, A.",
fjournal = "Pacific Journal of Mathematics",
journal = "Pacific J. Math.",
number = "1",
pages = "133--142",
publisher = "Pacific Journal of Mathematics, A Non-profit Corporation",
title = "The asymptotic expansion of a ratio of gamma functions.",
url = "http://projecteuclid.org/euclid.pjm/1102613160",
volume = "1",
year = "1951"
}

@article{arxiv,
   author = {{Dixit}, A. and {Jiu}, L. and {Moll}, V.~H. and {Vignat}, C.},
    title = "{The finite Fourier transform of classical polynomials}",
  journal = {ArXiv e-prints},
archivePrefix = "arXiv",
   eprint = {1402.5544},
 primaryClass = "math.FA",
 keywords = {Mathematics - Functional Analysis, Mathematics - Classical Analysis and ODEs, 42A16, 33C45},
     year = 2014,
    month = feb,
}
