@article{babuska_lag,
year={1973},
issn={0029-599X},
journal={Numerische Mathematik},
volume={20},
number={3},
doi={10.1007/BF01436561},
title={The finite element method with Lagrangian multipliers},
url={http://dx.doi.org/10.1007/BF01436561},
publisher={Springer-Verlag},
author={Babuška, Ivo},
pages={179-192},
language={English}
} 

@article{babuska_error,
year={1971},
issn={0029-599X},
journal={Numerische Mathematik},
volume={16},
number={4},
doi={10.1007/BF02165003},
title={Error-bounds for finite element method},
url={http://dx.doi.org/10.1007/BF02165003},
publisher={Springer-Verlag},
author={Babuška, Ivo},
pages={322-333},
language={English}
}

@article{brezzi,
author = {Brezzi, F.},
journal = {ESAIM: Mathematical Modelling and Numerical Analysis - Modélisation Mathématique et Analyse Numérique},
language = {eng},
number = {R2},
pages = {129-151},
publisher = {EDP Sciences},
title = {On the existence, uniqueness and approximation of saddle-point problems arising from lagrangian multipliers},
url = {http://eudml.org/doc/193255},
volume = {8},
year = {1974},
}

@techreport{equiv,
  author    = {Demkowitz, L.},
  title     = {Babuška $\leftrightarrow$ Brezzi ??},
  institution = {ICES, University of Texas at Austin},
  year      = {2006},
}

@ARTICLE{rognes,
   author = {{Arnold}, D.~N. and {Rognes}, M.~E.},
    title = "{Stability of Lagrange elements for the mixed Laplacian}",
  journal = {ArXiv e-prints},
archivePrefix = "arXiv",
   eprint = {0907.3438},
 primaryClass = "math.NA",
 keywords = {Mathematics - Numerical Analysis, 65N30},
     year = 2009,
    month = jul,
   adsurl = {http://adsabs.harvard.edu/abs/2009arXiv0907.3438A},
  adsnote = {Provided by the SAO/NASA Astrophysics Data System},
}

@book{scott,
  title={The Mathematical Theory of Finite Element Methods},
  author={Brenner, S.C. and Scott, R.},
  isbn={9780387759333},
  lccn={2007939977},
  series={Texts in Applied Mathematics},
  year={2008},
  publisher={Springer},
}

@phdthesis{qin,
	author		= {Qin, J},
	title		= {On the Convergence fo Some Low Order Mixed Finite Elements for
    Incompressible Fluids},
	school		= {Penn State},
	year		= {1994},
}

@book{shen_book,
  title={Spectral Methods: Algorithms, Analysis and Applications},
  author={Shen, J. and Tang, T. and Wang, L.L.},
  isbn={9783540710417},
  lccn={2011934044},
  series={Springer Series in Computational Mathematics},
  url={http://books.google.no/books?id=QmEBMK3tqkYC},
  year={2011},
  publisher={Springer},
}


@book{canuto,
  title={Spectral methods in fluid dynamics},
  author={Canuto, C.},
  isbn={9783540522058},
  lccn={93234633},
  series={Springer series in computational physics},
  url={http://books.google.no/books?id=2TbvAAAAMAAJ},
  year={1988},
  publisher={Springer-Verlag},
}

@article{th_mini,
year={1984},
issn={0008-0624},
journal={CALCOLO},
volume={21},
number={4},
doi={10.1007/BF02576171},
title={A stable finite element for the stokes equations},
url={http://dx.doi.org/10.1007/BF02576171},
publisher={Springer-Verlag},
author={Arnold, D.N. and Brezzi, F. and Fortin, M.},
pages={337-344},
language={English},
}

@article{shen_leg,
 author = {Shen, Jie},
 title = {Efficient spectral-Galerkin Method I: Direct Solvers of Second-and Fourth-order Equations Using Legendre Polynomials},
 journal = {SIAM J. Sci. Comput.},
 issue_date = {Nov. 1994},
 volume = {15},
 number = {6},
 month = nov,
 year = {1994},
 issn = {1064-8275},
 pages = {1489--1505},
 numpages = {17},
 url = {http://dx.doi.org/10.1137/0915089},
 doi = {10.1137/0915089},
 acmid = {195935},
 publisher = {Society for Industrial and Applied Mathematics},
 address = {Philadelphia, PA, USA},
 keywords = {Helmholtz equation, biharmonic equation, direct solver, legendre polynomial, spectral-Galerkin method},
} 
